@MISC{hwsoln13,
    author = "Marvin Nakayama",
    title  = "Homework 13 Solutions",
    HOWPUBLISHED = "\url{https://web.njit.edu/~marvin/cs341/hw/hwsoln13.pdf}"
}
@MISC{cs360,
    title = "Answers to Assignment 4",
    HOWPUBLISHED = "\url{https://www.cs.mcgill.ca/~jmerce1/a4ans.html}"
}
@MISC{wiki,
    title = "Partition problem",
    HOWPUBLISHED = "\url{https://en.wikipedia.org/wiki/Partition_problem}"
}